@article{1,
  author = {Jonathan Tompson and Murphy Stein and Yann Lecun and Ken Perlin},
  year = {2014},
  title = {Real-Time Continuous Pose Recovery of Human Hands Using Convolutional Networks},
  journal = {SIGGRAPH}
}

@article{2,
  author = {Danhang Tang and Hyung Jin Chang and Alykhan Tejani and Tae-Kyun Kim},
  year = {2014},
  title = {Latent regression forest: Structured estimation of 3d articulated hand posture},
  journal = {CVPR}
}

@article{3,
  author = {Xiao Sun and Yichen Wei and Shuang Liang and Xiaoou Tang and Jian Sun},
  year = {2015},
  title = {Cascaded Hand Pose Regression},
  journal = {CVPR}
}

@article{4,
  author = {Jameel Malik and Ahmed Elhayek and Fabrizio Nunnari and Kiran Varanasi and Kiarash Tamaddon and Alexis Heloir and Didier Stricker},
  year = {2018},
  title = {DeepHPS. End-to-end Estimation of 3D Hand Pose and Shape by Learning from Synthetic Depth},
  journal = {3DV}
}

@article{5,
  author = {Tomas Simon and Hanbyul Joo and Iain Matthews and Yaser Sheikh},
  year = {2017},
  title = {Hand Keypoint Detection in Single Images using Multiview Bootstrapping},
  journal = {CVPR}
}

@article{6,
  author = {V. Athitsos and S. Sclaroff},
  year = {2003},
  title = {Estimating 3d hand pose from a cluttered image},
  journal = {CVPR}
}

@article{7,
    author = {Chen, Xinghao and Wang, Guijin and Guo, Hengkai and Zhang, Cairong},
    year = {2017},
    month = {08},
    pages = {},
    title = {Pose Guided Structured Region Ensemble Network for Cascaded Hand Pose Estimation},
    journal = {Neurocomputing},
    doi = {10.1016/j.neucom.2018.06.097}
}

@article{8,
    author = {Marín-Jiménez, Manuel and Romero-Ramirez, Francisco and Muñoz-Salinas, Rafael and Medina-Carnicer, Rafael},
    year = {2018},
    month = {07},
    pages = {},
    title = {3D human pose estimation from depth maps using a deep     combination of poses},
    volume = {55},
    journal = {Journal of Visual Communication and Image Representation},
    doi = {10.1016/j.jvcir.2018.07.010}
}

@article{9,
  author = {Mao Ye and Xianwang Wang and Ruigang Yang and Liu Ren and Marc Pollefeys},
  year = {2017},
  title = {Accurate 3D Pose Estimation From a Single Depth Image},
  journal = {IEEE}
}

@article{10,
    author = {Padeleris, Pashalis and Oikonomidis, Iason and Argyros, Antonis},
    year = {2018},
    month = {03},
    pages = {436-445},
    title = {Using a Single RGB Frame for Real Time 3D Hand Pose Estimation in the Wild},
    doi = {10.1109/WACV.2018.00054}
}

@article{11,
  author = {Franziska Mueller and Florian Bernard and Oleksandr Sotnychenko and Dushyant Mehta, Srinath Sridhar and Dan Casas and Christian Theobalt},
  year = {2018},
  title = {GANerated Hands for Real-Time 3D Hand Tracking from Monocular RGB},
  journal = {CVPR}
}

@article{12,
  author = {Franziska Mueller and Florian Bernard and Oleksandr Sotnychenko and Dushyant Mehta, Srinath Sridhar and Dan Casas and Christian Theobalt},
  year = {2017},
  title = {Real-time Hand Tracking under Occlusion from an Egocentric RGB-D Sensor},
  journal = {ICCV}
}

@article{13,
  author = {Christian Zimmermann and Thomas Brox},
  year = {2017},
  title = {Learning to estimate 3d hand pose from single RGB images},
  journal = {ICCV}
}

@article{14,
  author = {Jiawei Zhang and Jianbo Jiao and Mingliang Chen and Liangqiong Qu and Xiaobin Xu and Qingxiong Yang},
  year = {2016},
  title = {3D hand pose tracking and estimation using stereo matching},
  journal = {arXiv preprint}
}

@article{15,
  author = {Shanxin Yuan and Qi Ye and Bjorn Stenger and Siddhant Jain and Tae-Kyun Kim},
  year = {2017},
  title = {Big Hand 2.2M Benchmark: Hand Pose Data Set and State of the Art Analysis},
  journal = {CVPR}
}

@article{16,
  author = {Guillermo Garcia-Hernando and Shanxin Yuan and Seungryul Baek and Tae-Kyun Kim},
  year = {2018},
  title = {First-Person Hand Action Benchmark with RGB-D Videos and 3D Hand Pose Annotations},
  journal = {CVPR}
}

@article{17,
  author = {Toby Shar and, Cem Keskin and Duncan Robertson and Jonathan Taylor and Jamie Shotton},
  year = {2015},
  title = {Accurate, Robust, and Flexible Real-time Hand Tracking},
  journal = {CHI}
}

@article{18,
  author = {Aaron Wetzler and Ron Slossberg and Ron Kimmel},
  year = {2015},
  title = {Rule of Thumb: Deep Derotation for Improved Fingertip Detection},
  journal = {BMVC}
}

@article{19,
  author = {Dimitrios Tzionas and Luca Ballan and Abhilash Srikantha and Pablo Aponte and Marc Pollefeys and Juergen Gall},
  year = {2016},
  title = {Capturing Hands in Action using Discriminative Salient Points and Physics Simulation},
  journal = {IJCV}
}

@article{20,
  author = {Chen Qian and Xiao Sun and Yichen Wei and Xiaoou Tang and Jian Sun},
  year = {2014},
  title = {Realtime and Robust Hand Tracking from Depth},
  journal = {CVPR}
}

@article{21,
    author = {Rogez, Grégory and Supancic, James and Khademi, Maryam and Montiel, J. and Ramanan, Deva},
    year = {2014},
    month = {11},
    pages = {},
    title = {3D Hand Pose Detection in Egocentric RGB-D Images}
}

@article{22,
    author = {Gomez-Donoso, Francisco and Orts, Sergio and Cazorla, Miguel},
    year = {2018},
    month = {12},
    pages = {},
    title = {Large-scale Multiview 3D Hand Pose Dataset},
    volume = {Accepted},
    journal = {Image and Vision Computing}
}

@article{23,
  author = {Liuhao Ge and Zhou Ren and Yuncheng Li and Zehao Xue and Yingying Wang and Jianfei Cai, Junsong Yuan},
  year = {2019},
  title = {3D Hand Shape and Pose Estimation from a Single RGB Image},
  journal = {CVPR}
}

@article{24,
  author = {Kaiming He and Xiangyu Zhang and Shaoqing Ren and Jian Sun},
  year = {2015},
  title = {Deep Residual Learning for Image Recognition},
  journal = {arXiv}
}

@article{25,
  author = {Olaf Ronneberger and Philipp Fischer and Thomas Brox},
  year = {2015},
  title = {U-Net: Convolutional Networks for Biomedical Image Segmentation},
  journal = {arXiv}
}

@book{BISHOP,
  author = {Christopher M. Bishop},
  year = {2006},
  title = {Pattern Recognition and Machine Learning},
  PUBLISHER = {Springer}
}

@article{26,
  author = {Yufei Wu and Xiaofei Ruan and Yu Zhang and Huang Zhou and Shengyu Du and Gang Wu},
  year = {2019},
  title = {Lightweight Architecture for Real-Time Hand Pose Estimation with Deep Supervision},
  journal = {Symmetry}
}

@article{27,
    author = {Newell, Alejandro and Yang, Kaiyu and Deng, Jia},
    year = {2016},
    month = {10},
    pages = {483-499},
    title = {Stacked Hourglass Networks for Human Pose Estimation},
    volume = {9912},
    isbn = {978-3-319-46483-1},
    doi = {10.1007/978-3-319-46484-8_29}
}

@article{MANO:SIGGRAPHASIA:2017,
      title = {Embodied Hands: Modeling and Capturing Hands and Bodies Together},
      author = {Romero, Javier and Tzionas, Dimitrios and Black, Michael J.},
      journal = {ACM Transactions on Graphics, (Proc. SIGGRAPH Asia)},
      volume = {36},
      number = {6},
      series = {245:1--245:17},
      month = nov,
      year = {2017},
      month_numeric = {11}
  }
  
@article{PCP,
    author = {Cao, Zhe and Simon, Tomas and Wei, Shih-En and Sheikh, Yaser},
    year = {2017},
    month = {07},
    pages = {1302-1310},
    title = {Realtime Multi-person 2D Pose Estimation Using Part Affinity Fields},
    doi = {10.1109/CVPR.2017.143}
}
  
@misc{ASL,
  title = {ASL Alphabet},
  url = {https://www.kaggle.com/grassknoted/asl-alphabet},
  urldate = {2019-01-07}
}

@misc{HOD,
  title = {Home Object Dataset},
  url = {http://www.vision.caltech.edu/pmoreels/Datasets/Home_Objects_06/},
  urldate = {2019-01-07}
}

@article{m2,
    author = {Alex, K. and Ilya, S. and Hg, E.},
    year = {2012},
    month = {01},
    pages = {1097-1105},
    title = {Imagenet classification with deep convolutional neural     networks},
    journal = {Proceedings of NIPS, IEEE, Neural Information Processing     System Foundation}
}

@misc{sys,
  author = {Roman Riazantsev},
  title = {Master Thesis Repository},
  url = {https://github.com/roman-riazantsev/sign-pose},
  urldate = {2019-01-07}
}



% @article{knuth:1984,
%   title={Literate Programming},
%   author={Donald E. Knuth},
%   journal={The Computer Journal},
%   volume={27},
%   number={2},
%   pages={97--111},
%   year={1984},
%   publisher={Oxford University Press}
% }